@Book{zaitsev,
author =     {Шварц Б., Зайцев П., Ткаченко В.},
title =      {MySQL. Оптимизация производительности.},
publisher =    {Символ-Плюс},
year =     {2010},
language =     "russian"
}

@misc{ruhighload-mysql-indexes,
author = "Оптимизация и масштабирование Web-приложений",
title = "Индексы в MySQL",
howpublished = "\url{http://ruhighload.com/post/Работа+с+индексами+в+MySQL}",
note = "[Online; accessed 31-01-2017]"
}